@article{rothkopf1998computationally,
  title={Computationally manageable combinational auctions},
  author={Rothkopf, M.H. and Peke{\v{c}}, A. and Harstad, R.M.},
  journal={Management science},
  volume={44},
  number={8},
  pages={1131--1147},
  year={1998},
  publisher={INFORMS}
}

@inproceedings{rahwan2008improved,
  title={An improved dynamic programming algorithm for coalition structure generation},
  author={Rahwan, T. and Jennings, N.R.},
  booktitle={Proceedings of the 7th international joint conference on Autonomous agents and multiagent systems-Volume 3},
  pages={1417--1420},
  year={2008},
  organization={International Foundation for Autonomous Agents and Multiagent Systems}
}

@inproceedings{silberstein2008efficient,
  title={Efficient computation of sum-products on GPUs through software-managed cache},
  author={Silberstein, M. and Schuster, A. and Geiger, D. and Patney, A. and Owens, J.D.},
  booktitle={Proceedings of the 22nd annual international conference on Supercomputing},
  pages={309--318},
  year={2008},
  organization={ACM}
}

@article{sandholm2002algorithm,
  title={Algorithm for optimal winner determination in combinatorial auctions},
  author={Sandholm, T.},
  journal={Artificial Intelligence},
  volume={135},
  number={1},
  pages={1--54},
  year={2002},
  publisher={Elsevier}
}

@inproceedings{michalak2010distributed,
  title={A distributed algorithm for anytime coalition structure generation},
  author={Michalak, T. and Sroka, J. and Rahwan, T. and Wooldridge, M. and McBurney, P. and Jennings, N.R.},
  booktitle={Proceedings of the 9th International Conference on Autonomous Agents and Multiagent Systems: volume 1-Volume 1},
  pages={1007--1014},
  year={2010},
  organization={International Foundation for Autonomous Agents and Multiagent Systems}
}

@article{boyer2012solving,
  title={Solving knapsack problems on GPU},
  author={Boyer, V. and El Baz, D. and Elkihel, M.},
  journal={Computers \& Operations Research},
  volume={39},
  number={1},
  pages={42--47},
  year={2012},
  publisher={Elsevier}
}

@inproceedings{rahwan2008improved,
  title={An improved dynamic programming algorithm for coalition structure generation},
  author={Rahwan, T. and Jennings, N.R.},
  booktitle={Proceedings of the 7th international joint conference on Autonomous agents and multiagent systems-Volume 3},
  pages={1417--1420},
  year={2008},
  organization={International Foundation for Autonomous Agents and Multiagent Systems}
}


